@article{Dahl2009,
  annote = {http://www.jsconf.eu/2009/video_nodejs_by_ryan_dahl.html},
  author = {Dahl, Ryan},
  pages = {Stand August 2016},
  title = {Original Node.js Presentation},
  url = {https://youtu.be/ztspvPYybIY},
  year = {2009}
}

@book{Sauble2015,
  address = {Birmingham, UK},
  author = {Sauble, Daniel},
  isbn = {9781785885662},
  publisher = {Packt Publishing},
  title = {Offline First Web Development},
  year = {2015}
}

@article{BRAK_beAVerfahren,
  annote = {http://www.brak.de/fuer-journalisten/pressemitteilungen-archiv/2016/presseerklaerung-7-2016.print.html},
  author = {Bundesrechtsanwaltskammer},
  journal = {Presseerkl\"arung},
  month = {jun},
  number = {7},
  pages = {2016},
  title = {AGH-Verfahren zum besonderen elektronischen Anwaltspostfach},
  year = {2016}
}

@article{Harris2015,
  author = {Harris, Rich},
  month = {dec},
  pages = {Stand August 2016},
  title = {Tree-shaking versus dead code elimination},
  url = {https://medium.com/\@Rich_Harris/tree-shaking-versus-dead-code-elimination-d3765df85c80},
  year = {2015}
}

@article{BRAK_beAkommtSpaeter,
  author = {Bundesrechtsanwaltskammer},
  journal = {Presseerkl\"arung},
  keywords = {BRAK},
  month = {nov},
  title = {{beA kommt sp\"ater}},
  volume = {20},
  year = {2015}
}

@misc{FAZ2009,
  annote = {http://faz-archiv-approved.faz.net/intranet/biblionet/r_suche/webcgi?START=A20&DOKM=1383648_FAZ_0&WID=89245-4300756-72035_7},
  author = {{Frankfurter Allgemeine Zeitung}},
  booktitle = {Frankfurter Allgemeine Zeitung},
  month = {may},
  pages = {14},
  title = {Streit unter den Paragraphen-Sammlern},
  year = {2009}
}
@article{Grundgesetz,
  annote = {http://www.gesetze-im-internet.de/bundesrecht/gg/gesamt.pdf},
  author = {{Deutscher Bundestag}},
  journal = {Bundesgesetzblatt},
  number = {1},
  title = {Grundgesetz f\"ur die Bundesrepublik Deutschland},
  volume = {1},
  year = {1949}
}
@article{Fielding2014,
  abstract = {The Hypertext Transfer Protocol (HTTP) is a stateless application- level protocol for distributed, collaborative, hypertext information systems. This document provides an overview of HTTP architecture and its associated terminology, defines the "http" and "https" Uniform Resource Identifier (URI) schemes, defines the HTTP/1.1 message syntax and parsing requirements, and describes related security concerns for implementations.},
  archivePrefix = {arXiv},
  arxivId = {arXiv:1011.1669v3},
  author = {Fielding, Roy T. and Reschke, Julian F.},
  doi = {10.1017/CBO9781107415324.004},
  eprint = {arXiv:1011.1669v3},
  isbn = {9788578110796},
  issn = {2070-1721},
  journal = {Internet Engineering Task Force (IETF)},
  pages = {1--101},
  pmid = {25246403},
  title = {Hypertext Transfer Protocol (HTTP/1.1): Semantics and Content},
  url = {http://tools.ietf.org/html/rfc7231},
  year = {2014}
}

@article{BFA_2012_Chancen,
  author = {{Bundesagentur f\"ur Arbeit}},
  pages = {75--78},
  title = {Gute Bildung - gute Chancen. Der Arbeitsmarkt f\"ur Akademikerinnen und Akademiker in Deutschland},
  year = {2016}
}

@article{BRAK_beAStart,
  annote = {http://www.brak.de/fuer-journalisten/pressemitteilungen-archiv/2016/presseerklaerung-3-2016.print.html},
  author = {Bundesrechtsanwaltskammer},
  journal = {Presseerkl\"arung},
  month = {apr},
  number = {3},
  pages = {2016},
  title = {Elektronisches Anwaltspostfach geht an den Start},
  year = {2016}
}

@article{Jones2015,
  author = {Jones, M. and Bradley, J. and Sakimura, N.},
  issn = {2070-1721},
  journal = {Internet Engineering Task Force},
  keywords = {icle},
  title = {JSON Web Token, RFC 7519},
  volume = {1},
  year = {2015}
}

@article{Henne2006,
  annote = {http://www.fes-forumberlin.de/pdf_2006/d_6_6_01_henne.pdf},
  author = {Henne, Thomas},
  title = {Die Pr\"agung des Juristen durch die Kommentarliteratur},
  year = {2006}
}

@article{Spiegel1981,
  annote = {http://www.spiegel.de/spiegel/print/d-14326226.html},
  author = {{Der Spiegel}},
  month = {feb},
  title = {Herrschende Meinung},
  volume = {8},
  year = {1981}
}

@misc{LexxpressJuris2013,
  abstract = {Das Bundesverfassungsgericht darf den halbstaatlichen Datenbankanbieter Juris nicht mehr bei der Belieferung mit eigenen Urteilen bevorzugen. Das hat der Verwaltungsgerichtshof Baden-W\"urttemberg auf eine Klage des kleinen Konkurrenten Lexxpress entschieden (Az.: 10 S 281/12). Die Mannheimer Richter sahen das Gleichbehandlungsgebot verletzt - ausgerechnet durch die Karlsruher H\"uter des Grundgesetzes.},
  author = {Verwaltungsgerichtshof Baden-W\"urttemberg},
  title = {AZ 10 S 281/12},
  year = {2013}
}

@book{Tilkov2015,
  address = {Heidelberg},
  author = {Tilkov, Stefan and Eigenbrodt, Martin and Schreier, Silvia and Wolf, Oliver},
  edition = {3},
  isbn = {978-3-86490-120-1},
  publisher = {dpunkt.verlag GmbH},
  title = {{REST und HTTP}},
  year = {2015}
}

@article{BRAK2008_Akzeptanz,
  archivePrefix = {arXiv},
  arxivId = {arXiv:1011.1669v3},
  author = {Bundesrechtsanwaltskammer},
  doi = {10.1017/CBO9781107415324.004},
  eprint = {arXiv:1011.1669v3},
  isbn = {9788578110796},
  issn = {1098-6596},
  journal = {Presseerkl\"arung},
  keywords = {icle},
  pmid = {25246403},
  title = {Vorschl\"age zur Verbesserung der Akzeptanz des elektronischen Rechtsverkehrs},
  volume = {1},
  year = {2008}
}

@article{BGBL_2001_ZustRG,
  author = {{Deutscher Bundestag}},
  journal = {Bundesgesetzblatt},
  keywords = {Bundesgesetzblatt},
  number = {29},
  pages = {1206--1214},
  title = {Gesetz zur Reform des Verfahrens bei Zustellungen im gerichtlichen Verfahren (Zustellungsreformgesetz – ZustRG)},
  volume = {1},
  year = {2001}
}

@article{EcmaInternational2015,
  author = {{Ecma International}},
  title = {{ECMAScript 2015 Language Specification}},
  year = {2015}
}

@article{Beck2011,
  author = {{Verlag C. H. Beck}},
  title = {{Recht. Steuern. Wirtschaft.}},
  year = {2010}
}

@article{BFJ_ZahlRichterStaatsanwaelte,
  abstract = {5200+ Staatanw\"alte, 20000+ Richter},
  author = {{Bundesamt f\"ur Justiz}},
  title = {Zahl der Richter, Richterinnen, Staatsanw\"alte, Staatsanw\"altinnen und Vertreter, Vertreterinnen des \"offentlichen Interesses in der Rechtspflege der Bundesrepublik Deutschland},
  year = {2013}
}

@article{Wissenschaftsrat2012,
  author = {Wissenschaftsrat},
  doi = {10.1515/9783110826371.888},
  isbn = {9783110826371},
  pages = {1--111},
  title = {Perspektiven der Rechtswissenschaft in Deutschland. Situation, Analysen, Empfehlungen},
  volume = {21},
  year = {2012}
}

@article{BRAK_Mitglieder_2015,
  annote = {http://www.brak.de/w/files/04_fuer_journalisten/statistiken/2015/grmgstatisitik2015.pdf},
  author = {Bundesrechtsanwaltskammer},
  title = {{Gro{\ss}e Mitgliederstatistik zum 01.01.2015}},
  year = {2015}
}

@article{UrhG,
  author = {{Deutscher Bundestag}},
  journal = {Bundesgesetzblatt},
  number = {51},
  pages = {1273--1293},
  title = {Gesetz \"uber Urheberrecht und verwandte Schutzrechte; Urheberrechtsgesetz (UrhG)},
  volume = {1},
  year = {1965}
}

@article{Brehm2013,
  author = {Brehm, Spike},
  journal = {Venture Beat},
  pages = {Stand August 2016},
  title = {The future of web apps is — ready? — isomorphic JavaScript},
  url = {http://venturebeat.com/2013/11/08/the-future-of-web-apps-is-ready-isomorphic-javascript/},
  year = {2013}
}

@article{EcmaInternational2016,
  author = {{Ecma International}},
  title = {ECMAScript 2016 Language Specification},
  year = {2016}
}

@book{Gasston2014,
  address = {Heidelberg},
  author = {Gasston, Peter},
  isbn = {978-3-86490-116-4},
  publisher = {dpunkt.verlag GmbH},
  title = {{Moderne Webentwicklung}},
  year = {2014}
}

@article{10PunkteAkzeptanz,
  author = {{Justizverwaltungen des Bundes und der L\"ander} and {Berufskammern und -verb\"ande der Rechtsanw\"alte und Notare}},
  title = {Zehn-Punkte-Plan der zur ''F\"orderung des elektronischen Rechtsverkehrs``},
  year = {2007}
}

@article{Stubailo2015,
  author = {Stubailo, Sashko},
  pages = {Stand August 2016},
  title = {Optimistic User Interfaces with Meteor},
  url = {http://info.meteor.com/blog/optimistic-ui-with-meteor-latency-compensation},
  year = {2015}
}

@article{Vaquero2011,
  abstract = {Scalability is said to be one of the major advantages brought by the cloud paradigm and, more specifically, the one that makes it different to an "advanced outsourcing" solution. However, there are some important pending issues before making the dreamed automated scaling for applications come true. In this paper, the most notable initiatives towards whole application scalability in cloud environments are presented. We present relevant efforts at the edge of state of the art technology, providing an encompassing overview of the trends they each follow. We also highlight pending challenges that will likely be addressed in new research efforts and present an ideal scalable cloud system.},
  author = {Vaquero, Luis M. and Rodero-Merino, Luis and Buyya, Rajkumar},
  doi = {10.1145/1925861.1925869},
  isbn = {0146-4833},
  issn = {01464833},
  journal = {ACM SIGCOMM Computer Communication Review},
  keywords = {cloud computing,scalability},
  number = {1},
  pages = {45--52},
  title = {Dynamically scaling applications in the cloud},
  volume = {41},
  year = {2011}
}

@article{BGBL_2005_JKmG,
  author = {{Deutscher Bundestag}},
  journal = {Bundesgesetzblatt},
  number = {18},
  pages = {837ff},
  title = {Das Gesetz \"uber die Verwendung elektronischer Kommunikationsformen in der Justiz},
  volume = {2005},
  year = {2005}
}

@article{BGBL_2013_FördElRV,
  author = {{Deutscher Bundestag}},
  journal = {Bundesgesetzblatt},
  number = {62},
  pages = {3786--3798},
  title = {Gesetzes zur F\"orderung des elektronischen Rechtsverkehrs mit den Gerichten},
  volume = {1},
  year = {2013}
}
